@article{how-refactor,
  author={Murphy-Hill, Emerson and Parnin, Chris and Black, Andrew P.},
  title={How We Refactor, and How We Know It},
  journal={Software Engineering, IEEE Transactions on},
  volume={38},
  year=2011,
  pages={5-18}
}
